@article{Bizzarri2013,
author = {Bizzarri, Mariano and Palombo, Alessandro and Cucina, Alessandra},
doi = {10.1016/j.pbiomolbio.2013.03.019},
issn = {18731732},
journal = {Progress in biophysics and molecular biology},
number = {1-2},
pages = {33--43},
publisher = {Elsevier Ltd},
title = {{Theoretical aspects of Systems Biology.}},
url = {http://www.ncbi.nlm.nih.gov/pubmed/23562476},
volume = {112},
year = {2013}
}

@article{Melham2013,
address = {Department of Computer Science, University of Oxford, Wolfson Building, Parks Road, Oxford OX1 3QD, United Kingdom},
author = {Melham, T},
journal = {Progress in Biophysics and Molecular Biology},
number = {2-3},
pages = {129--136},
title = {{Modelling, abstraction, and computation in systems biology: A view from computer science}},
url = {http://www.scopus.com/inward/record.url?eid=2-s2.0-84878156120\&partnerID=40\&md5=db5146d770ea0571b461f7fdf04f8354},
volume = {111},
year = {2013}
}
